<?xml version="1.0" encoding="UTF-8"?><collection xmlns="http://www.loc.gov/MARC21/slim"><record><leader>00458nam--2200181-i-4500</leader><controlfield tag="001">000025149</controlfield><controlfield tag="002">20161230</controlfield><controlfield tag="005">20161230201035</controlfield><controlfield tag="008">060222s1000------------r-----000-0-eng-d</controlfield><datafield ind1=" " ind2=" " tag="040"><subfield code="a">IFIN-HH</subfield></datafield><datafield ind1=" " ind2=" " tag="080"><subfield code="a">53:1</subfield></datafield><datafield ind1="1" ind2=" " tag="100"><subfield code="a">Bunge, Mario</subfield></datafield><datafield ind1="1" ind2="0" tag="245"><subfield code="a">Philosophy of physics</subfield><subfield code="c">Mario bunge</subfield></datafield><datafield ind1=" " ind2=" " tag="260"><subfield code="a">Dordrecht</subfield><subfield code="b">D.Reidel Publishing Company</subfield><subfield code="c">1973</subfield></datafield><datafield ind1=" " ind2=" " tag="300"><subfield code="a">VII+248 P</subfield></datafield><datafield ind1=" " ind2=" " tag="490"><subfield code="a">Synthese Library</subfield></datafield><datafield ind1=" " ind2=" " tag="852"><subfield code="a">43230</subfield><subfield code="c">53</subfield></datafield><datafield ind1=" " ind2=" " tag="CAT"><subfield code="a">Sys</subfield><subfield code="c">20150324</subfield><subfield code="h">090858</subfield></datafield></record></collection>